@BOOK{willstallings,
	AUTHOR = {Stallings, William},
	TITLE = {Cryptography and Network Security: Principles and Practice},
	PUBLISHER = {Pearson},
	YEAR = {2011},
	EDITION = {Fifth}
	}

@BOOK{richardmollin,
	AUTHOR = {Mollin, Richard A.},
	TITLE = {An Introduction to Cryptography},
	PUBLISHER = {Chapman \& Hall},
	YEAR = {2007},
	EDITION = {Second}
	}

@BOOK{bruceschneier,
	AUTHOR = {Bruce Schneiers},
	TITLE = {Applied Cryptography: Protocols, algorithms and source code in C},
	PUBLISHER = {Wiley},
	YEAR = {1996},
	EDITION = {Second}
	}

@BOOK{wenbomao,
	AUTHOR = {Mao, Wenbo},
	TITLE = {Modern Cryptography: Theory and Practice},
	PUBLISHER = {Prentice Hall},
	YEAR = {2004}
	}

@BOOK{chrisswenson,
	AUTHOR = {Swenson, Christopher},
	TITLE = {Modern Cryptanalysis: Techniques for Advanced Code Breaking},
	PUBLISHER = {Wiley},
	YEAR = {2008}
	}

@BOOK{bertholdvocking,
	AUTHOR = {Berthold Vocking [et al]},
	TITLE = {Algorithms Unplugged},
	PUBLISHER = {Springer},
	YEAR = {2011}
	}

@BOOK{markogargenta,
	AUTHOR = {Gargenta, Marko},
	TITLE = {Learning Android},
	PUBLISHER = {O'Reilly},
	YEAR = {2011}
	}

@BOOK{ydanielliang,
	AUTHOR = {Liang, D},
	TITLE = {Introduction to Java Programming},
	PUBLISHER = {Pearson},
	ADDRESS = {Boston},
	YEAR = {2007},
	EDITION = {Sixth}
	}

@BOOK{iansommerville,
	AUTHOR = {Sommerville, Ian},
	TITLE = {Software Engineering},
	PUBLISHER = {Pearson},
	YEAR = {2011},
	EDITION = {Ninth}	
	}

@ARTICLE{ejeta,
	AUTHOR = {{Jobanputra, N [et al]}},
	TITLE = {Emerging Security Technologies for Mobile User Accesses},
	JOURNAL = {eJETA.org},
	YEAR = {2009},
	VOLUME = {2},
	NUMBER = {4},
	URL = {http://www.ejeta.org/issue-v2-n4/ejeta-v2-n4-2.pdf}
	}

@misc{rsaciphercat,
	author = {{Miasoft}},
	title = {{RSA} Cipher Cat},
	year = {2011},
	howpublished={{[Online](URL }\url{https://play.google.com/store/apps/details?id=jp.co.Miasoft.RSACipher&hl=en}{)}}
	}

@misc{cloaksms,
	author = {Hamish Medlin},
	title = {Cloak {SMS}},
	year = {2011},
	howpublished={{[Online](URL }\url{https://play.google.com/store/apps/details?id=sms.encryptor.v2.free&hl=en}{)}}
	}
	
@misc{googleplay,
	author = {{Google Inc.}},
	title = {Google Play Store},
	howpublished={{[Online](URL }\url{https://play.google.com/store}{)}}
	}

@misc{pcworldart,
	author = {Kirk, Jeremy},
	title = {UK Data Encryption Disclosure Law Takes Effect},
	month = oct,
	year = {2007},
	howpublished={{[Online](URL }\url{http://www.pcworld.com/article/137881/article.html}{)}}
	}

@MISC{dataprotect,
	title = {Data Protection Act 1998},
	chapter = {29},
	year = {1998},
	address = {London: Stationery Office}
	}
	
@misc{dropbox,
	author = {{Dropbox, Inc.}},
	title = {Dropbox},
	howpublished={{[Online](URL }\url{https://www.dropbox.com}{)}}
	}
	
@misc{github,
	author = {{GitHub, Inc.}},
	title = {GitHub - Social Coding},
	howpublished={{[Online](URL }\url{https://github.com}{)}}
	}

@BOOK{whatisasmartphone,
	AUTHOR = {{Allen, S [et al]}},
	TITLE = {Pro Smartphone Cross-Platform Development: iPhone, Blackberry, Windows Mobile and Android Development and Distribution},
	PUBLISHER = {Apress},
	YEAR = {2010}	
	}

@misc{appleios,
	author = {{Apple Inc.}},
	title = {Apple iPhone iOS},
	howpublished={{[Online](URL }\url{http://www.apple.com/uk/ios/}{)}}
	}

@misc{googleandroid,
	author = {{Google Inc.}},
	title = {Android},
	howpublished={{[Online](URL }\url{http://www.android.com/}{)}}
	}

@misc{windowsphone,
	author = {{Microsoft Coporation}},
	title = {Windows Phone 8},
	howpublished={{[Online](URL }\url{http://www.windowsphone.com/en-gb}{)}}
	}

@BOOK{internetlaw,
	AUTHOR = {{Rowland, D [et al]}},
	TITLE = {Information Technology Law},
	PUBLISHER = {Taylor and Francis},
	YEAR = {2011}
	}

@misc{androiddevelopers,
	author = {{Google Inc.}},
	title = {Android Developers},
	howpublished={{[Online](URL }\url{http://developer.android.com}{)}}
	}

@BOOK{javanetworking,
	AUTHOR = {{Graba, J}},
	TITLE = {An Introduction to Network Programming with Java},
	PUBLISHER = {Springer},
	YEAR = {2006},
	EDITION = {Second}
	}

@misc{mysql,
	author = {{Oracle}},
	title = {MySQL},
	howpublished={{[Online](URL }\url{www.mysql.com}{)}}
	}

@BOOK{jdbcmysql,
	AUTHOR = {{Parsian, M}},
	TITLE = {JDBC Metadata, MySQL, and Oracle Recipes: A Problem-Solution Approach},
	PUBLISHER = {Apress},
	YEAR = {2006}
	}

@BOOK{xmlbook,
	AUTHOR = {Pozrikidis, C},
	TITLE = {XML in Scientific Computing},
	PUBLISHER = {Chapman and Hall},
	YEAR = {2012}
	}

@misc{w3schoolsxmlexample,
	author = {{Refsnes Data}},
	title = {w3schools.com - XML Tree},
	howpublished={{[Online](URL }\url{http://www.w3schools.com/xml/xml_tree.asp}{)}}
	}

@misc{aresmssafe,
	author = {Gemalto},
	title = {Are SMS text messages safer than emails?},
	howpublished={{[Online](URL }\url{http://www.justaskgemalto.com/us/communicating/tips/are-sms-text-messages-safer-emails}{)}}
	}

@misc{aesmixcols,
	author = {VHDL},
	title = {Advanced Encryption Scheme Student Wiki},
	howpublished={{[Online](URL }\url{http://vhdl.pbworks.com/w/page/4302806/Progetto%20AA%2008-09%3A%20Advanced%20Encryption%20Standard}{)}}
	}

@misc{aesmixcolssecond,
	author = {Flylib.com},
	title = {The AES cipher},
	howpublished={{[Online](URL }\url{http://flylib.com/books/en/3.190.1.55/1/#!/exjun_}{)}}
	}

@ARTICLE{rsa,
	AUTHOR = {Rivest, R.; Shamir, A.; and Adleman, L.},
	TITLE = {A Method for Obtaining Digital Signatures and Public Key Cryptosystems},
	JOURNAL = {Communications of the ACM},
	YEAR = {1978}
	}

@BOOK{umlbook,
	AUTHOR = {Bui, Minh Duc.},
	TITLE = {Real-time object uniform design methodology with UML},
	PUBLISHER = {Springer},
	YEAR = {2007}
	}

@misc{candjava,
	author = {Rishabh Dev},
	title = {10 major differences between C and Java},
	howpublished={{[Online](URL }\url{http://www.durofy.com/programming/10-major-differences-between-c-and-java/}{)}}
	}

@misc{eclipse,
	author = {Eclipse Foundation},
	title = {Eclipse},
	howpublished={{[Online](URL }\url{http://www.eclipse.org/}{)}}
	}

@misc{sthree,
	author = {Samsung Electronics},
	title = {Galaxy S3 Specifications},
	howpublished={{[Online](URL }\url{http://www.samsung.com/global/galaxys3/specifications.html}{)}}
	}

@BOOK{interfacebook,
	AUTHOR = {Jeff Johnson},
	TITLE = {Designing with the Mind in Mind},
	PUBLISHER = {Elsevier},
	YEAR = {2010}
	}