@BOOK{willstallings,
	AUTHOR = {Stallings, William},
	TITLE = {Cryptography and Network Security: Principles and Practice},
	PUBLISHER = {Pearson},
	YEAR = {2011},
	EDITION = {Fifth}
	}

@BOOK{richardmollin,
	AUTHOR = {Mollin, Richard A.},
	TITLE = {An Introduction to Cryptography},
	PUBLISHER = {Chapman \& Hall},
	YEAR = {2007},
	EDITION = {Second}
	}

@BOOK{bruceschneier,
	AUTHOR = {Schneier, Bruce},
	TITLE = {Applied Cryptography: Protocols, algorithms and source code in C},
	PUBLISHER = {Wiley},
	YEAR = {1996},
	EDITION = {Second}
	}

@BOOK{wenbomao,
	AUTHOR = {Mao, Wenbo},
	TITLE = {Modern Cryptography: Theory and Practice},
	PUBLISHER = {Prentice Hall},
	YEAR = {2004}
	}

@BOOK{chrisswenson,
	AUTHOR = {Swenson, Christopher},
	TITLE = {Modern Cryptanalysis: Techniques for Advanced Code Breaking},
	PUBLISHER = {Wiley},
	YEAR = {2008}
	}

@BOOK{bertholdvocking,
	AUTHOR = {Berthold Vocking [et al]},
	TITLE = {Algorithms Unplugged},
	PUBLISHER = {Springer},
	YEAR = {2011}
	}

@BOOK{markogargenta,
	AUTHOR = {Gargenta, Marko},
	TITLE = {Learning Android},
	PUBLISHER = {O'Reilly},
	YEAR = {2011}
	}

@BOOK{ydanielliang,
	AUTHOR = {Liang, Y. Daniel},
	TITLE = {Introduction to Java Programming},
	PUBLISHER = {Pearson},
	YEAR = {2007},
	EDITION = {Sixth}
	}

@ARTICLE{rsa,
	AUTHOR = {Rivest, R.; Shamir, A.; and Adleman, L.},
	TITLE = {A Method for Obtaining Digital Signatures and Public Key Cryptosystems},
	JOURNAL = {Communications of the ACM},
	YEAR = {1978}
	}
