@Article{Kuhn:1993ra,
     author    = "Kuhn, Johann H.",
     title     = "Tau kinematics from impact parameters",
     journal   = "Phys. Lett.",
     volume    = "B313",
     year      = "1993",
     pages     = "458-460",
     eprint    = "hep-ph/9307269",
     annote    = "Paper Mark loaned me that has cone-matching info",
     SLACcitation  = "%%CITATION = HEP-PH 9307269;%%"
}

@Article{Kuhn:1984di,
     author    = "Kuhn, Hans-Karl and Wagner, F.",
     title     = "SEMILEPTONIC DECAYS OF THE tau LEPTON",
     journal   = "Nucl. Phys.",
     volume    = "B236",
     year      = "1984",
     pages     = "16-34",
     annote    = "A cone-matching paper reffed by Kuhn 1993",
     SLACcitation  = "%%CITATION = NUPHA,B236,16;%%"
}

@Misc{BarlowBAD:2002,
  author =       "Barlow, R.",
  title =        "{S}econd {C}lass {C}urrents in tau decays",
  year =         "2002",
  note =         "BAD \#327, Version 3 (\babar\ internal analysis document)"
}

@Misc{MitchBAD:2004,
  author =       "Allen, M. and Naisbit, M. and Roodman, A. and Banarjee, S.",
  title =        "A study of {P}i-zero {E}fficiency",
  year =         "2004",
  note =         "BAD \#870, Version 1 (\babar\ internal analysis document)"
}

@Misc{5pibad,
  author =       "Williams, J. and Lafferty, G. and Edgar, C.",
  title =        "Study of the decay \taufivepi\ using the {\babar} {D}etector",
  year =         "2004",
  note =         "BAD \#788, Version 1 (\babar\ internal analysis document)"
}

%Olya's lll BAD
@Unpublished{IgonkinaBAD:2003, 
     author    = "Igonkina, Olga",
     title     = "A search for lepton flavor violating decays $\taum \to l^- l^+
 l^-$",
     note      = "BAD \#722, Version 11, (\babar\ internal analysis document), s
upporting document. 
                  BAD \#761, Version 15, (\babar\ internal analysis document), s
ubmitted to PRL",
     year      = "2003",
}

%Andy and Fab's BAD
@Unpublished{BAD829:2004,
     author    = "J. Allison and A. Lyon and F. Salvatore",
     title     = "Measurement of ${B}{R}(\tau^-\to (K\pi)^-)$  using the $\babar$ detector",
     note      = "BAD \#829, Version 3 (\babar\ internal analysis document)",
     year      = "2004",
}


% Andy's PID BAD 
@Unpublished{BAD843:2004,
     author    = "Lyon, A.",
     title     = "{PID} selector performance in the $\tau^-\to({K}\pi)^-\nu_{\tau}$
 analysis",
     note      = "BAD \#843, Version 2 (\babar\ internal analysis document)",
     year      = "2004",
}

% Jenny's TauUser BAD
@Unpublished{BAD842:2004,
     author    = "Williams, J.",
     title     = "Tau{U}ser",
     note      = "BAD \#842, Version 1 (\babar\ internal analysis document)",
     year      = "2004",
}

% AWGpi0 BAD
@Unpublished{pi0BAD:2004,
     author    = "Williams, J.",
     title     = "The tau {A}{W}{G}pi0 list: $\pi^0$s for tau analyses",
     note      = "BAD \#XXX, Version 1 (\babar\ internal analysis document)",
     year      = "2004",
}

@Misc{mec,
  note = "beam-energy constrained mass definition"
}

@Misc{KORALB,
  note = "koralb reference"
}

@Misc{Marshall,
  note = "This method was originally proposed by Robin
  Marshall, University of Manchester, as a technique to select
  $\tau^+\tau^-\to\pi^+\pi^=\nu_{\tau}\bar{\nu}_{\tau}$ events
  for tau polarization studies. There may be other references to
  this technique, however we have yet to find them." 
}

@Misc{lusiani,
  note   = "Ref to Alberto's tau lifetime paper - conf proc or hep"
}

@Misc{roney,
  note   = "Ref to Roney's mugamma paper - conf proc or hep"
}

@Misc{mayer,
  note   = "Ref to Mayer's $\eta_C$ paper - conf proc or hep"
}

@Misc{smlimit,
  note   = "SM limit on BR($\tau\to\mu\gamma$) hep-ph/0206056 - now published?"
}

@Misc{susylimit,
  note   = "SUSY limit on BR($\tau\to\mu\gamma$) hep-ph/0209005"
}

@Misc{CLEOmugamma,
  note = "CLEO $\tau\to\mu\gamma$ 2000"
}

@Misc{BELLEmugamma,
  note = "BELLE $\tau\to\mu\gamma$ 2003 conference proceedings"
}

@Misc{etac_theoryA,
  note ="2000 $\eta_C$ paper: PRD62 034014(2000)"
}

@Misc{etac_theoryB,
  note ="2003 $\eta_C$ paper: PRD67 07190(R) 2003"
}

@Misc{CBall,
  note ="1982 $\eta_C$ paper: Crystal Ball"
}

@Misc{etac_belleA,
  note ="2000 $\eta_C$ paper: Belle"
}

@Misc{etac_belleB,
  note ="2002 $\eta_C$ paper: Belle"
}


@Article{Atkinson:1983jv,
     author    = "Atkinson, M. and others",
 collaboration = "Omega Photon",
     title     = "THE REACTION gamma p $\to$ p omega pi+ pi- FOR PHOTON
                  ENERGIES OF 25-GeV - 50-GeV",
     journal   = "Nucl. Phys.",
     volume    = "B229",
     year      = "1983",
     pages     = "269",
     SLACcitation  = "%%CITATION = NUPHA,B229,269;%%",
     annote    = "Paper on Dalitz plot density variable lambda"
}

@Article{Bortoletto:1993px,
     author    = "Bortoletto, D. and others",
 collaboration = "CLEO",
     title     = "Measurement of the decay tau- $\to$ pi- pi+ pi- 2 pi0 tau-
                  neutrino",
     journal   = "Phys. Rev. Lett.",
     volume    = "71",
     year      = "1993",
     pages     = "1791-1795",
     SLACcitation  = "%%CITATION = PRLTA,71,1791;%%",
     annote    = "CLEO paper tau->5pi"
}

@Article{Buskulic:1996ty,
     author    = "Buskulic, D. and others",
 collaboration = "ALEPH",
     title     = "Tau hadronic branching ratios",
     journal   = "Z. Phys.",
     volume    = "C70",
     year      = "1996",
     pages     = "579-608",
     SLACcitation  = "%%CITATION = ZEPYA,C70,579;%%",
     annote    = "Aleph paper tau->5pi"
}

@Article{Baker:2003jh,
     author    = "Baker, C. A. and others",
     title     = "Confirmation of a0(1450) and pi1(1600) in anti-p p $\to$
                  omega pi+ pi- pi0 at rest",
     journal   = "Phys. Lett.",
     volume    = "B563",
     year      = "2003",
     pages     = "140-149",
     SLACcitation  = "%%CITATION = PHLTA,B563,140;%%",
     annote    = "Bugg's paper that started this?"
}

@Article{Adler:1987bf,
  author =	 "J. Adler and others",
  title =	 "MEASUREMENT OF THE DECAY tau $\to$ rho neutrino",
  annote =	 "Measurement of the Decay $\tau \rightarrow \rho \nu_{\tau}$",
  journal =	 "Phys. Rev. Lett.",
  volume =	 "59",
  year =	 "1987",
  pages =	 "1527",
  SLACcitation = "%%CITATION = PRLTA,59,1527;%%"
}

@Book{Aitchison:1989bs,
  author = 	 {I. J. R. Aitchison and A. J. G. Hey},
  title = 	 {Gauge Theories in Particle Physics: A Practical Introduction},
  publisher = 	 {Hilger},
  year = 	 {1989},
  address = 	 {Bristol UK},
  edition = 	 {Second},
}

@Misc{Akers:1993,
  author = "R. Akers and others",
  note   = "CERN-PPE/93-145"
}

@Article{Albrecht:1991nc,
  author =	 "H. Albrecht and others",
  collaboration ="ARGUS",
  title =	 "Observation of the decay tau $\to$ rho pi pi
                  tau-neutrino",
  journal =	 "Phys. Lett.",
  volume =	 "B260",
  year =	 "1991",
  pages =	 "259-264",
  SLACcitation = "%%CITATION = PHLTA,B260,259;%%"
}

@Article{Albrecht:1994es,
  author =	 "H. Albrecht and others",
  collaboration ="ARGUS",
  title =	 "Determination of the structure of tau decays in the
                  reaction e+ e- $\to$ tau+ tau- $\to$ rho+
                  anti-tau-neutrino rho - tau-neutrino and a precision
                  measurement of the tau- neutrino helicity",
  journal =	 "Phys. Lett.",
  volume =	 "B337",
  year =	 "1994",
  pages =	 "383-392",
  SLACcitation = "%%CITATION = PHLTA,B337,383;%%"
}

@Article{Albrecht:1998gn,
  author =	 "H. Albrecht and others",
  collaboration ="ARGUS",
  title =	 "Determination of the Michel parameters rho, xi and
                  delta in tau lepton decays with tau --> rho nu tags",
  journal =	 "Phys. Lett.",
  volume =	 "B431",
  year =	 "1998",
  pages =	 "179-187",
  eprint =	 "hep-ex/9711022",
  SLACcitation = "%%CITATION = PHLTA,B431,179;%%"
}

@Article{Anderson:1999ui,
  author =	 "S. Anderson and others",
  collaboration ="CLEO",
  title =	 "Hadronic structure in the decay tau- --> pi- pi0 nu/tau",
  journal =	 "Phys. Rev.",
  volume =	 "D61",
  year =	 "2000",
  pages =	 "112002",
  OPTeprint =	 "hep-ex/9910046",
  SLACcitation = "%%CITATION = PHRVA,D61,112002;%%",
  annote =       ""
}

@Article{Aubert:2002XX,
  author =	 "B. Aubert and others",
  collaboration ="BaBar",
  title =	 "The {B}a{B}ar {D}etector",
  journal =	 "Nucl. Instrum. Meth.",
  volume =	 "A479",
  year =	 "2002",
  pages =	 "1-116",
  OPTeprint =	 "hep-ex/0105044",
  annote =       "The NIM paper"
}

@PhdThesis{Back:1999jcw,
  author =	 {J. J. Back},
  title =        {~},
  school =	 {Queen Mary and Westfield College},
  year =	 {1999},
  address =	 {London UK},
}

@PhdThesis{Fullwood:2001jcw,
  author =	 {J. D. Fullwood},
  title =        {A study of \boldmath{$\tau^-\rightarrow\pi^-\pi^0 \nu_{\tau}$} using the \babar\ detector},
  school =	 {Manchester University},
  year =	 {2001},
  address =	 {Manchester UK},
}

@Article{Bai:1996hf,
  author =	 "J. Z. Bai and others",
  collaboration ="BES",
  title =	 "Measurement of the mass of the tau lepton",
  journal =	 "Phys. Rev.",
  volume =	 "D53",
  year =	 "1996",
  pages =	 "20-34",
  SLACcitation = "%%CITATION = PHRVA,D53,20;%%",
  annote =       ""
}

@Article{Balest:1996,
  author = 	 {R. Balest and others},
  title = 	 {},
  journal = 	 {Phys. Lett.},
  year = 	 {1996},
  volume = 	 {B388},
  pages = 	 {402},
  annote = 	 {CLEO tau lifetime measurement}
}

@Article{Barate:1997hv,
  author =	 "R. Barate and others",
  collaboration ="ALEPH",
  title =	 "Measurement of the spectral functions of vector
                  current hadronic tau decays",
  journal =	 "Z. Phys.",
  volume =	 "C76",
  year =	 "1997",
  pages =	 "15",
  SLACcitation = "%%CITATION = ZEPYA,C76,15;%%",
  annote       = ""
}

@Article{Barate:1997hw,
  author =	 "R. Barate and others",
  collaboration ="ALEPH",
  annote=	 "",
  journal =	 "Z. Phys.",
  volume =	 "C74",
  year =	 "1997",
  pages =	 "387",
  SLACcitation = "%%CITATION = ZEPYA,C74,387;%%",
  title  =       "Measurement of the tau lepton lifetime with the
                  three- dimensional impact parameter method"
}

@Article{Barbi:1998fb,
  author =	 "M. S. Barbi and F. Marroquim and B. M. Marechal",
  title =	 "Measurement of the Michel parameter rho using the
                  tau --> e nu anti-nu channel at s**(1/2)
                  approx. 91.2-GeV with DELPHI data",
  note =	 "Prepared for 6th Workshop on Hadron Physics,
                  Florianopolis, Santa Catarina, Brazil, 16-21 Mar
                  1998"
}

@Article{Barkov:1985ac,
  author =	 "L. M. Barkov and others",
  annote=	 "",
  journal =	 "Nucl. Phys.",
  volume =	 "B256",
  year =	 "1985",
  pages =	 "365",
  SLACcitation = "%%CITATION = NUPHA,B256,365;%%",
  title        = "ELECTROMAGNETIC PION FORM-FACTOR IN THE TIMELIKE
                  REGION"
}

@Misc{Bauer:1998kn,
  author =	 "Johannes M. Bauer",
  title =	 "The {C}s{I}({T}l) calorimeter of the \babar\ detector",
  note =	 "Talk given at 7th International Conference on
                  Calorimetry in High-Energy Physics (ICCHEP 97),
                  Tucson AZ, 9-14 Nov 1997"
}

@Article{Berends:1984sd,
  author =	 "F. A. Berends and P. H. Daverveldt and R. Kleiss",
  annote=	 "",
  journal =	 "Phys. Lett.",
  volume =	 "B148",
  year =	 "1984",
  pages =	 "489",
  SLACcitation = "%%CITATION = PHLTA,B148,489;%%",
  title        = "TOTAL AND VISIBLE CROSS-SECTIONS FOR MULTI - LEPTON
                  EVENTS IN e+ e- COLLISIONS"
}

@Article{Berends:1985gf,
  author =	 "F. A. Berends and P. H. Daverveldt and R. Kleiss",
  annote=	 "",
  journal =	 "Nucl. Phys.",
  volume =	 "B253",
  year =	 "1985",
  pages =	 "441",
  SLACcitation = "%%CITATION = NUPHA,B253,441;%%",
  title        = "COMPLETE LOWEST ORDER CALCULATIONS FOR FOUR LEPTON
                  FINAL STATES IN ELECTRON - POSITRON COLLISIONS"
}

@Misc{Berends:1985jcw,
  author =	 {F. A. Berends, P. H. Daverveldt and R. Kleiss},
  title =	 {Monte Carlo simulation of two-photon processes},
  howpublished = {CPC Software Library},
  note =	 {\url{http://rylibweb.man.ac.uk/data1/ir/ejnl/cpcacf.html}},
  annote =	 {DIAG36 - calculates the 36 2e->4e diagrams CPC is
                  online Comp Phys Communications}
}

@Article{Berends:1986if,
  author =	 "F. A. Berends and P. H. Daverveldt and R. Kleiss",
  title =	 "MONTE CARLO SIMULATION OF TWO PHOTON
                  PROCESSES. 1. RADIATIVE CORRECTIONS TO
                  MULTIPERIPHERAL E+ E- MU+ MU- PRODUCTION",
  journal =	 "Comput. Phys. Commun.",
  volume =	 "40",
  year =	 "1986",
  pages =	 "271",
  SLACcitation = "%%CITATION = CPHCB,40,271;%%"
}

@Article{Berends:1986ig,
  author =	 "F. A. Berends, P. H. Daverveldt and R. Kleiss",
  title =	 "MONTE CARLO SIMULATION OF TWO PHOTON
                  PROCESSES. 2. COMPLETE LOWEST ORDER CALCULATIONS FOR
                  FOUR LEPTON PRODUCTION PROCESSES IN ELECTRON
                  POSITRON COLLISIONS",
  journal =	 "Comput. Phys. Commun.",
  volume =	 "40",
  year =	 "1986",
  pages =	 "285",
  SLACcitation = "%%CITATION = CPHCB,40,285;%%"
}

@Article{Berends:1986ih,
  author =	 "F. A. Berends and P. H. Daverveldt and R. Kleiss",
  title =	 "MONTE CARLO SIMULATION OF TWO PHOTON
                  PROCESSES. 3. COMPLETE LOWEST ORDER CALCULATIONS FOR
                  E+ E- $\to$ E+ E- MU+ MU- WITH LARGE ANGLE TAGGING
                  CONDITIONS",
  journal =	 "Comput. Phys. Commun.",
  volume =	 "40",
  year =	 "1986",
  pages =	 "309",
  SLACcitation = "%%CITATION = CPHCB,40,309;%%"
}

@Article{Berends:1987fz,
  author =	 "F. A. Berends and G. J. H. Burgers and W. L. van
                  Neerven",
  title =	 "ON SECOND ORDER QED CORRECTIONS TO THE Z RESONANCE
                  SHAPE",
  journal =	 "Phys. Lett.",
  volume =	 "B185",
  year =	 "1987",
  pages =	 "395",
  SLACcitation = "%%CITATION = PHLTA,B185,395;%%"
}

@Article{Bougerolle:1992mv,
  author =	 "Stephen E. Bougerolle",
  title =	 "Analysis of the decay tau $\to$ rho neutrino",
  note =	 "UMI-315-79742-8"
}

@TechReport{Boutigny:1995ib,
  author = 	 {D. Boutigny and others},
  title = 	 {\babar\ technical design report},
  institution =  {SLAC},
  year = 	 {1995},
  number = 	 {SLAC-R-0457},
}

@Article{Bozzi:1999rh,
  author =	 "C. Bozzi and others",
  title        = "The \babar\ silicon vertex tracker",
  journal =	 "Nucl. Instrum. Meth.",
  volume =	 "A435",
  year =	 "1999",
  pages =	 "25-33",
  SLACcitation = "%%CITATION = NUIMA,A435,25;%%",
  annote=	 ""
}

@Article{Brun:1978fy,
  author =	 "R. Brun and R. Hagelberg and M. Hansroul and
                  J. C. Lassalle ",
  title =	 "GEANT: SIMULATION PROGRAM FOR PARTICLE PHYSICS
                  EXPERIMENTS. USER GUIDE AND REFERENCE MANUAL",
  note =	 "CERN-DD-78-2-REV"
}

@Article{Buskulic:1992uq,
  author =	 "D. Buskulic and others",
  collaboration ="ALEPH",
  annote=	 "",
  journal =	 "Phys. Lett.",
  volume =	 "B297",
  year =	 "1992",
  pages =	 "432-448",
  SLACcitation = "%%CITATION = PHLTA,B297,432;%%",
  title        = "A Precise measurement of the tau lepton lifetime"
}

@Article{Buskulic:1996be,
  author =	 "D. Buskulic and others",
  collaboration ="ALEPH",
  annote=	 "",
  journal =	 "Z. Phys.",
  volume =	 "C70",
  year =	 "1996",
  pages =	 "549-560",
  SLACcitation = "%%CITATION = ZEPYA,C70,549;%%",
  title  =       "Measurement of the tau lepton lifetime"
}

@Misc{CITE,
  note = 	 {Cite something relevant.}
}

@Article{Davoudiasl:1996ed,
  author =	 "Hooman Davoudiasl and Mark B. Wise",
  title =	 "Chiral Perturbation Theory for $\tau \to \rho \pi
                  \nu_\tau$ and $\tau \to K~* \pi \nu_\tau$",
  journal =	 "Phys. Rev.",
  volume =	 "D53",
  year =	 "1996",
  pages =	 "2523-2528",
  eprint =	 "hep-ph/9509414",
  SLACcitation = "%%CITATION = PHRVA,D53,2523;%%"
}

@Article{Decamp:1992zt,
  author =	 "D. Decamp and others",
  collaboration ="ALEPH",
  annote=	 "",
  journal =	 "Phys. Lett.",
  volume =	 "B279",
  year =	 "1992",
  pages =	 "411-421",
  SLACcitation = "%%CITATION = PHLTA,B279,411;%%",
  title        = "Measurement of the tau lepton lifetime"
}

@Article{Feynman:1958ty,
     author    = "R. P. Feynman and M. Gell-Mann",
     title     = "Theory of the Fermi interaction",
     journal   = "Phys. Rev.",
     volume    = "109",
     year      = "1958",
     pages     = "193-198",
     annote    = "CVC paper",
     SLACcitation  = "%%CITATION = PHRVA,109,193;%%"
}

@Article{Finkemeier:1995kc,
     author    = "Markus Finkemeier and Erwin Mirkes",
     title     = "Decay rates, structure functions and new physics effects in
                  hadronic tau decays",
     year      = "1995",
     eprint    = "hep-ph/9508312",
     SLACcitation  = "%%CITATION = HEP-PH 9508312;%%"
}

@Article{Gan:1988ap,
  author =	 "K. K. Gan",
  title =	 "AN ANALYSIS OF THE rho MASS SPECTRUM IN tau DECAY",
  journal =	 "Phys. Rev.",
  volume =	 "D37",
  year =	 "1988",
  pages =	 "3334",
  annote =	 "slac-pub-4512, an earlyish, and nicely written paper
                  on tau->rho using CVC to relate the mass spectrum to
                  the pion form factor",
  SLACcitation = "%%CITATION = PHRVA,D37,3334;%%"
}

@Article{Geffen:1979kn,
  author =	 "D. A. Geffen and Warren J. Wilson",
  title =	 "ANGULAR CORRELATIONS IN THE DECAY tau $\to$
                  tau-neutrino rho pi",
  journal =	 "Phys. Rev.",
  volume =	 "D19",
  year =	 "1979",
  pages =	 "2211",
  SLACcitation = "%%CITATION = PHRVA,D19,2211;%%"
}

@Unpublished{Gehrig:1997jcw,
  author = 	 {S. Gehrig},
  title = 	 {Design and Simulated Performance of the {L}evel-1
                  Trigger System},
  note = 	 {SLAC-BABAR-NOTE-380},
  year = 	 {1997},
}

@Article{Gounaris:1968mw,
  author =	 "G. J. Gounaris and J. J. Sakurai",
  annote=	 "",
  journal =	 "Phys. Rev. Lett.",
  volume =	 "21",
  year =	 "1968",
  pages =	 "244",
  SLACcitation = "%%CITATION = PRLTA,21,244;%%",
  title        = "Finite width corrections to the vector meson
                  dominance prediction for rho $\to$ e+ e-"
}

@Article{Groom:2000in,
  author =	 "D. E. Groom and others",
  title =	 "Review of particle physics",
  journal =	 "Eur. Phys. J.",
  volume =	 "C15",
  year =	 "2000",
  pages =	 "1",
  SLACcitation = "%%CITATION = EPHJA,C15,1;%%"
}

% PDG 2002
@Article{Hagiwara:2002fs,
     author    = "Hagiwara, K. and others",
 collaboration = "Particle Data Group",
     title     = "Review of particle physics",
     journal   = "Phys. Rev.",
     volume    = "D66",
     year      = "2002",
     pages     = "010001",
     SLACcitation  = "%%CITATION = PHRVA,D66,010001;%%"
}

@Misc{Harrison:1998yr,
  author =	 "P. F. Harrison and H. R. Quinn ed.",
  title =	 "The \babar\ physics book: Physics at an asymmetric~$B$
                  factory",
  year =         "1997",
  OPTnote =	 "Papers from workshop on physics at an asymmetric~$B$
                  factory (\babar\ collaboration meeting), Rome, Italy,
                  11-14 Nov 1996, Princeton, NJ, 17-20 Mar 1997,
                  Orsay, France, 16-19 Jun 1997 and Pasadena, CA,
                  22-24 Sep 1997"
}

@misc{Harton:old,
  author =	 {J. L. Harton},
  title  =       {Filter and Trigger Efficiency for tau/{QED}/{QCD}/two-photon Physics},
  note   =       {\url{http://www.slac.stanford.edu/BFROOT/www/Physics/Meetings/
                 Padova/talks/TauQED/padova_filter.html}}
}

@misc{Harton:2000jlh,
  author =	 {J. L. Harton},
  title  =       {{M}easuring {T}rigger and {F}ilter {E}fficiencies},
  note   =       {\url{http://www.slac.stanford.edu/BFROOT/www/Physics/Analysis/
                 tauqed/Dec2000TrigFiltPlenary.pdf}}
}

@misc{SP5inventory,
  collaboration ={BaBar},
  title  =       {{S}{P}5 inventory},
  note   =       {\url{http://www.slac.stanford.edu/BFROOT/www/Physics/SimProd/sp5inventory.html}}
}

@misc{SP4inventory,
  collaboration ={BaBar},
  title  =       {SP4 inventory},
  note   =       {\url{http://www.slac.stanford.edu/BFROOT/www/Physics/SimProd/sp4inventory.html}}
}

@Article{Harton:1994dj,
  author =	 "J. Harton",
  title =	 "Tau polarization measurements at LEP using tau $\to$
                  rho nu and tau $\to$ a1 nu",
  journal =	 "Nucl. Phys. Proc. Suppl.",
  volume =	 "40",
  year =	 "1995",
  pages =	 "463",
  SLACcitation = "%%CITATION = NUPHZ,40,463;%%"
}

@Misc{Hearty:jcw,
  author =	 {C. Hearty and others},
  title  =	 {Muon {ID} Analysis Working Group documentation},
  note   =
                  {\url{http://www.slac.stanford.edu/BFROOT/www/Physics/Tools/
                  Pid/Muons/muons.html}},
  annote =	 {\bibitem=muon:sel}
}

@PhdThesis{Hocker:1996jcw,
  author =	 {A. H\"ocker},
  OPTtitle =	 {???},
  school =	 {Universit\'e de Paris-sud, Centre d'Osray},
  year =	 {1996}
}

@Article{Hocker:1996kb,
  author =	 "Andreas Hocker and Vakhtang Kartvelishvili",
  annote=	 "",
  journal =	 "Nucl. Instrum. Meth.",
  volume =	 "A372",
  year =	 "1996",
  pages =	 "469-481",
  OPTeprint =	 "hep-ph/9509307",
  SLACcitation = "%%CITATION = NUIMA,A372,469;%%",
  title        = "SVD Approach to Data Unfolding"
}

@Misc{Jacobsen:BN449,
  author =	 "B. Jacobsen",
  title  =	 "Guide to the Bear Package",
  note   =        "\url{http://www.slac.stanford.edu/BFROOT/www/Computing/
                  Offline/Reconstruction/PackageGuides/BearGuide.ps}",
}

@Article{Jadach:1984iy,
  author =	 "S. Jadach and Z. Was",
  annote=	 "",
  journal =	 "Comput. Phys. Commun.",
  volume =	 "36",
  year =	 "1985",
  pages =	 "191",
  SLACcitation = "%%CITATION = CPHCB,36,191;%%",
  title        = "MONTE CARLO SIMULATION OF THE PROCESS e+ e- $\to$
                  tau+ tau- INCLUDING RADIATIVE O (alpha**3) QED
                  CORRECTIONS, MASS AND SPIN"
}

@Article{Jadach:1990mz,
  author =	 "Stanislaw Jadach and Johann H. Kuhn and Zbigniew
                  Was",
  annote=	 "",
  journal =	 "Comput. Phys. Commun.",
  volume =	 "64",
  year =	 "1990",
  pages =	 "275",
  SLACcitation = "%%CITATION = CPHCB,64,275;%%",
  title        = "TAUOLA: A Library of Monte Carlo programs to
                  simulate decays of polarised tau leptons"
}

@Article{James:1987,
  author  =	 "F. James and others",
  title   =	 "\minuit",
  journal = 	 "CERN",
  volume  = 	 "DD/D506",
  year    =	 "1987",
  annote  =      "CERN Long Writeup"
}

@Misc{Kessler:1982as,
  author =	 "P. Kessler ed.",
  title =	 "Gamma gamma physics. {P}roceedings, seminar {P}aris {F}rance,
                  {M}ar 11-12 1982",
  note =	 "Coll. De France (1982) 235 P. and
                  Coll. De France - L.P.C.-82-14 (82,REC.OCT.)
                  235p",
  annote =       "Relevant talk is by W.Wagner, called '$\gamma\gamma$ reactions at PETRAl', and it's pages are: 157--174"
}

@Article{Kobayashi:1973fv,
  author =	 "M. Kobayashi and T. Maskawa",
  title =	 "CP violation in the renormalizable theory of weak
                  interaction",
  journal =	 "Prog. Theor. Phys.",
  volume =	 "49",
  year =	 "1973",
  pages =	 "652",
  SLACcitation = "%%CITATION = PTPKA,49,652;%%"
}

@Article{Kuhn:1990ad,
  author =	 "J. H. Kuhn and A. Santamaria",
  annote=	 "",
  journal =	 "Z. Phys.",
  volume =	 "C48",
  year =	 "1990",
  pages =	 "445-452",
  SLACcitation = "%%CITATION = ZEPYA,C48,445;%%",
  title        = "Tau decays to pions"
}

@Article{Kuhn:1992nz,
  author =	 "J. H. Kuhn and E. Mirkes",
  annote=	 "",
  journal =	 "Z. Phys.",
  volume =	 "C56",
  year =	 "1992",
  pages =	 "661-672",
  SLACcitation = "%%CITATION = ZEPYA,C56,661;%%",
  title        = "Structure functions in tau decays"
}

@Article{Kuhn:1998rh,
  author =	 "Johann H. Kuhn",
  title =	 "The tau lepton: Particle physics in a nutshell",
  year =	 "1998",
  eprint =	 "hep-ph/9812399",
  SLACcitation = "%%CITATION = HEP-PH 9812399;%%"
}

@Article{Lockman:1999,
  author =	 "B. Lockman",
  title =	 "Offline Simulation",
  eprint =	 "\url{http://www.slac.stanford.edu/BFROOT/www/Computing/
                  Offline/Simulation/web/meet990617/docs/990617/}",
  note =	 "Talk at \babar\ Software Week, June 16-19 1999"
}

@Article{Marciano:1988vm,
  author =	 "W. J. Marciano and A. Sirlin",
  annote=	 "",
  journal =	 "Phys. Rev. Lett.",
  volume =	 "61",
  year =	 "1988",
  pages =	 "1815",
  SLACcitation = "%%CITATION = PRLTA,61,1815;%%",
  title        = "ELECTROWEAK RADIATIVE CORRECTIONS TO TAU DECAY"
}

@Misc{McMahon:jcw,
  author =	 {T. McMahon and others},
  title =	 "Electron {ID} Analysis Working Group documentation",
  note =         {\url{http://www.slac.stanford.edu/BFROOT/www/Physics/Tools/
                 Pid/Electrons/index.html}}
}

@Misc{Roat:88jcw,
  author =	 {Chris Roat},
  title =	 "Available Lists and Maps in the Micro Database",
  note =         {\url{http://www.slac.stanford.edu/BFROOT/www/doc/workbook/
                  nanomicro/v8.8/Micro/CandLists.html}}
}


@Misc{Roat:nanomicro,
  author =	 {Chris Roat},
  title =	 "{N}ano/{M}icro {D}atabase {S}ummaries",
  note =         {\url{http://www.slac.stanford.edu/BFROOT/www/doc/workbook/
                  nanomicro/v8.8}}
}

@Article{Nelson:1992ni,
  author =	 "Charles A. Nelson",
  title =	 "Tests for leptonic CP violation in tau $\to$ rho
                  neutrino decay",
  note =	 "SUNY-BING-7-19-92"
}

@Article{Nelson:1994zv,
  author =	 "Charles A. Nelson and others",
  title =	 "Stage 2 spin correlation functions: Tests for nonCKM
                  type leptonic CP violation in tau $\to$ rho neutrino
                  decay",
  journal =	 "Phys. Rev.",
  volume =	 "D50",
  year =	 "1994",
  pages =	 "4544-4557",
  SLACcitation = "%%CITATION = PHRVA,D50,4544;%%"
}

@Article{Orteu:1989ig,
  author =	 "Salvador Orteu",
  title =	 "STUDY OF TAU POLARIZATION USING THE RHO DECAY MODE",
  note =	 "UAB-LFAE-89-04"
}

@Article{OrteuEstivill:1989qk,
  author =	 "Salvador Orteu Estivill",
  title =	 "Study of tau polarization using the rho decay mode",
  note =	 "RX-1348"
}

@Article{Perl:1975bf,
  author =	 "Martin L. Perl and others",
  annote=	 "",
  journal =	 "Phys. Rev. Lett.",
  volume =	 "35",
  year =	 "1975",
  pages =	 "1489",
  title  =	 "Evidence for anomalous lepton production in e+ e- annihilation",
  SLACcitation = "%%CITATION = PRLTA,35,1489;%%"
}

@Article{Perl:1992gd,
  author =	 "Martin L. Perl",
  annote=	 "",
  journal =	 "Rept. Prog. Phys.",
  volume =	 "55",
  year =	 "1992",
  pages =	 "653-722",
  SLACcitation = "%%CITATION = RPPHA,55,653;%%",
  title        = "The Tau lepton"
}

@Unpublished{Perl:1993sk,
  author = 	 "Martin L. Perl",
  title =	 "Tau physics",
  note = 	 "SLAC-PUB-6071",
  year = 	 "1992",
  annote =	 "Invited talk at Lectures given at 20th Annual SLAC
                  Summer Institute on Particle Physics: The Third
                  Family and the Physics of Flavor (School: Jul 13-24,
                  Topical Conference: Jul 22-24, Symposium on Tau
                  Physics: Jul 24), Stanford, CA, 13-24 Jul 1992"
}

@Misc{BaBar:workbook,
  collaboration ={BaBar},
  title =	 {{W}orkbook for {B}a{B}ar {O}ffline {U}sers},
  note =         {\url{http://www.slac.stanford.edu/BFROOT/www/doc/workbook/
                  workbook.html}},
}

@Misc{BaBar:quicktour,
  collaboration ={BaBar},
  title =	 {{W}orkbook for {B}a{B}ar {O}ffline {U}sers - Quick Tour},
  note =         {\url{http://www.slac.stanford.edu/BFROOT/www/doc/workbook/
                  quicktour/quicktour.html}}
}

@Misc{BaBar:extratags,
  collaboration ={BaBar},
  title =	 {{B}ug {F}ixes, {T}ools and {R}ecipes for {A}nalysis {R}eleases},
  note =         {\url{http://www.slac.stanford.edu/BFROOT/www/Physics/
                  PhysicsReleases/extra_tags.html}}
}


@Misc{Roat:jcw,
  author =	 {C. Roat},
  title =	 {Nano/Micro Database Summary for {B}a{B}ar Release
                  Versions 8.8 and later},
  note =         {\url{http://www.slac.stanford.edu/BFROOT/www/doc/workbook/
                  nanomicro/v8.8 /}}
}

@Misc{SLAC-372,
  title =	 "An asymmetric $B$ factory based on {PEP}, The conceptual
                  design report for {PEP-II}",
  note = 	 "SLAC-372",
  year = 	 "1991"
}

@Misc{SLAC-372b,
  title =	 "{PEP-II}: An {A}symmetric $B$ {F}actory. {C}onceptual {D}esign {R}eport",
  note = 	 "SLAC-R-418",
  year = 	 "1993"
}

@Unpublished{SLAC-PUB-8539,
  author = 	 "B. Aubert and others",
  title =	 "The first year of the \babar\ experiment at {PEP-II}",
  note = 	 "\babar -CONF-00/17, submitted to the XXX$^{th}$ International
                  Conference on High Energy Physics, Osaka, Japan",
  year = 	 "2000",
  annote =	 ""
}

@Article{Sasaki:1992gi,
  author =	 "Makoto Sasaki",
  title =	 "tau $\to$ pi (K) nu and tau $\to$ rho nu (OPAL
                  RESULTS)",
  note =	 "Presented at the 2nd Workshop on Tau Lepton Physics
                  The Ohio State University, Columbus, Ohio, USA, Sep
                  8 - 11, 1992"
}

@Book{Schildt:1998jcw,
  author = 	 {H. Schildt},
  title = 	 {C++: The Complete Reference Third Edition},
  publisher = 	 {Osbourne McGraw-Hill},
  year = 	 {1998},
}

@Article{Schramm:1997vz,
  author =	 "M. Schramm",
  title =	 "Determination of the Michel parameters xi and delta
                  in leptonic tau decays with rho mesons as spin
                  analyzer. (In German)",
  note =	 "TUD-IKTP-97-01"
}

@Article{Sciolla:1998zs,
  author =	 "G. Sciolla and others",
  title        = "\babar\ Drift Chamber",
  journal =	 "Nucl. Instrum. Meth.",
  volume =	 "A419",
  year =	 "1998",
  pages =	 "310",
  SLACcitation = "%%CITATION = NUIMA,A419,310;%%",
  annote=	 ""
}

@Misc{Seeman:2000wy,
  author =	 "J. Seeman and others",
  title =	 "PEP-II new high power low impedance movable
                  collimator",
  note =	 "Invited talk at 7th European Particle Accelerator
                  Conferences (EPAC 2000), Vienna, Austria, 26-30 Jun
                  2000"
}

@Misc{Seitz:1996wn,
  author =	 "Reiner Seitz",
  title =	 "Describing energy deposit in {C}s{I} crystals",
  year =	 "1996",
  note =	 "SLAC-BABAR-NOTE-294"
}

@Article{Smith:1991qc,
  author =	 "James G. Smith",
  title =	 "Hadronic decay modes of the tau lepton",
  note =	 "MN Invited talk given at Workshop on Tau Lepton
                  Physics, Orsay, France, Sep 24-27, 1990"
}

@misc{Strother:jcw,
  author =	 {P. D. Strother},
  title =	 {The {B}eta{P}id{C}alib Users Guide},
  note =         {\url{http://www.slac.stanford.edu/BFROOT/www/Physics/Tools/
                  Pid/Doc/BetaPidCalib/bpc.html}},
  annote =	 {\bibitem=bpc}
}

@Book{Stahl:2000xxx,
  author = 	 {A. Stahl},
  title = 	 {Physics with Tau Leptons},
  publisher = 	 {Springer},
  year = 	 {2000},
}

@Article{Takasaki:1999wm,
     author    = "Fumihiko Takasaki",
     annote    = "",
     journal   = "eConf",
     volume    = "C990809",
     year      = "2000",
     pages     = "12-21",
     OPTeprint    = "hep-ex/9912004",
     title     = "Status of KEKB accelerator and detector, BELLE",
     SLACcitation  = "%%CITATION = ECONF,C990809,12;%%"
}

@Article{Thacker:1971hy,
     author    = "H. B. Thacker and J. J. Sakurai",
     title     = "Lifetimes and branching ratios of heavy leptons",
     journal   = "Phys. Lett.",
     volume    = "B36",
     year      = "1971",
     pages     = "103-105",
     annote    = "one of two base papers on spectral functions",
     SLACcitation  = "%%CITATION = PHLTA,B36,103;%%"
}

@Article{Tsai:1971vv,
  author =	 "Yung-Su Tsai",
  title        = "DECAY CORRELATIONS OF HEAVY LEPTONS IN e+ e- $\to$
                  lepton+ lepton-",
  journal =	 "Phys. Rev.",
  volume =	 "D4",
  year =	 "1971",
  pages =	 "2821",
  annote =	 "tau lepton decay rate. One of two base papers on spectral functions",
  SLACcitation = "%%CITATION = PHRVA,D4,2821;%%"
}

@Article{Viehhauser:2000cu,
     author    = "G. Viehhauser",
     title     = "The {CLEO III} upgrade",
     journal   = "Nucl. Instrum. Meth.",
     volume    = "A446",
     year      = "2000",
     pages     = "97",
     SLACcitation  = "%%CITATION = NUIMA,A446,97;%%"
}

@Article{Weinstein:2000gx,
     author    = "Alan J. Weinstein",
 collaboration = "CLEO",
     title     = "Semi-hadronic tau decays at CLEO",
     year      = "2000",
     eprint    = "hep-ex/0012064",
     SLACcitation  = "%%CITATION = HEP-EX 0012064;%%"
}

@Manual{geant,
  title = 	 {GEANT, detector description and simulation tool},
  organization = {CERN},
  note = 	 {Program library long writeup W5013},
  year = 	 {1994},
}

@Misc{Williams:2003jcw,
  author =	 {Jenny Williams},
  title =	 "{T}au{U}ser - {P}hysics {A}nalysis {P}ackage for {T}au {P}hysics {S}tudies",
  note =         {\url{http://www.slac.stanford.edu/BFROOT/www/Physics/Analysis/
                  tauqed/TauUser/TauUserIntro.html}}
}

@Misc{Williams:12series,
  author =	 {Jenny Williams},
  title =	 "{T}au{U}ser - {P}roduction {R}un on 12-series {D}ata",
  note =         {\url{http://www.hep.man.ac.uk/u/jenny/tau/12series/12series.html}}
}

@Misc{Williams:2003columns,
  author =	 {Jenny Williams},
  title =	 "{T}au{U}ser - {N}tuple and {C}olumn {I}nformation",
  note =         {\url{http://www.slac.stanford.edu/BFROOT/www/Physics/Analysis/
                  tauqed/TauUser/TauUser_NtupleAndHistos.html}}
}

@Misc{Williams:2003faq,
  author =	 {Jenny Williams},
  title =	 "{T}au{U}ser - {F}requently {A}sked {Q}uestions",
  note =         {\url{http://www.slac.stanford.edu/BFROOT/www/Physics/Analysis/
                  tauqed/TauUser/TauUser_FAQ.html}}
}

@Misc{Williams:2003qa,
  author =	 {Jenny Williams},
  title =	 "{T}au{U}ser - {Q}{A} histograms",
  note =         {\url{http://www.slac.stanford.edu/BFROOT/www/Physics/Analysis/
                  tauqed/TauUser/TauUserQA_hists.html}}
}

@Misc{PAW,
  title =	 "{PAW}: {P}hysics {A}nalysis {W}orkstation",
  note =         {\url{http://wwwasd.web.cern.ch/wwwasd/paw/}}
}

@Misc{ROOT,
  title =	 "{ROOT}: {A}n {O}bject-{O}riented {D}ata {A}nalysis {F}ramework",
  note =         {\url{http://root.cern.ch}}
}

@Misc{Williams:2003pi0,
  author =	 {Jenny Williams},
  title =	 "{T}au{U}ser - {P}i0 {H}andling",
  note =         {\url{http://www.slac.stanford.edu/BFROOT/www/Physics/Analysis/
                  tauqed/TauUser/Pi0/TauUser_pi0s.html}}
}

@Misc{Barlow:2002rjb,
  author =	 {Roger Barlow},
  title =	 "Developments for {P}izero selection",
  note =         {Talk given at the December 2002 Tau Physics Workshop at SLAC. \url{http://www.slac.stanford.edu/BFROOT/www/Physics/Analysis/tauqed/
                  Workshop2002/RogerBarlow.pdf}}
}

@Misc{Williams:2004pi0,
  author = {Jenny Williams},
  title = {Study of tau{A}{W}{G}pi0 list efficiency},
  note = {Talk given at the Neutrals parallel session of the February 2004 \babar\ Collaboration Meeting. 
\url{http://www.slac.stanford.edu/BFROOT/www/Organization/CollabMtgs/
                  2004/detFeb04/Fri4b/RogerForJenny.ppt}} 
}

@misc{tauqedallevents,
  title  =       "Tau{Q}{E}{D}allevents",
  note   =       {\url{http://www.slac.stanford.edu/BFROOT/www/Physics/Analysis/
                   tauqed/TauQEDallevents.pdf}}
}


@Misc{Roodman:jcw,
  author =	 {A. Roodman},
  title =	 "A short description of the {LH} selectors",
  note =         {\url{http://www.slac.stanford.edu/BFROOT/www/Physics/Tools/
                  Pid/Hadrons/Description_of_the_LH_selectors.html}}
}


@Misc{extratags,
  title =	 "Bug fixes, Tools and Recipes for Analysis Releases",
  note =         {\url{http://www.slac.stanford.edu/BFROOT/www/Physics/
                  PhysicsReleases/extra_tags.html}}
}

@Book{Halzen:1984mc,
  author = 	 {F. Halzen and A. D. Martin},
  title = 	 {QUARKS AND LEPTONS: AN INTRODUCTORY COURSE IN MODERN
                  PARTICLE PHYSICS},
  publisher = 	 {Wiley},
  year = 	 1984,
  address = 	 {New York, USA},
  annote =	 {396p}
}
@Article{Ellis:1996cg,
     author    = "John Ellis and Graham G. Ross",
     title     = "Can one probe the structure function of the pomeron?",
     journal   = "Phys. Lett.",
     volume    = "B384",
     year      = "1996",
     pages     = "293-299",
     eprint    = "hep-ph/9604360"
}
@PhdThesis{Phillips:1995jpp,
  author = 	 "J. P. Phillips",
  OPTtitle = 	 "The Deep-Inelastic Structure of Diffraction",
  school = 	 "University of Manchester",
  year = 	 1995,
  annote = 	 "This is where the F2D3 data comes from."
}
